@article{Panse_etal2014,
	author={Mrunal S. Panse and Snehal Mesham and Darshana Chaware and A. Raut},
	year={2014},
	journal={IOSR Journal of Engineering},
	title={Error {D}etection {U}sing {O}rthogonal {C}ode},
	volume={4},
	number={3},
	pages={2278-8719}
}

@incollection{Hedayat_etal1999,
	author={A. S. Hedayat and N. J. A. Sloane and John Stufken},
	chapter={4},
	title={Orthogonal {A}rrays and {E}rror-{C}orrecting {C}odes},
	year={1999},
	pages={61-68},
	booktitle={Orthogonal Arrays: Theory and Applications},
	series={Springer Series in Statistics},
	publisher={Springer},
	address={New York}
}
