@unpublished{Mills2017,
	title={Solving for multiclass using orthogonal coding matrices},
	year={2017},
	author={Peter Mills},
	number={arxiv:1801.09055},
	note={Submitted to {\it Pattern Analysis and Applications}}
}

@inproceedings{Zadrozny2001,
    author = {Bianca Zadrozny},
    title = {Reducing Multiclass to Binary by Coupling Probability Estimates},
    year = {2001},
    booktitle={NIPS'01 Proceedings of the 14th International Conference on Information Processing Systems: Natural and Synthetic},
    pages={1041-1048}
}

