
@article{Allen_Nakamura2003,
	author={Douglas R. Allen and N. Nakamura},
	year={2003},
	title={Tracer {E}quivalent {L}atitude: {A} {D}iagnostic {T}ool for {I}sentropic {T}ransport {S}tudies},
	journal={Journal of the Atmospheric Sciences},
	volume={60},
	pages={287-303}
}

@manual{gsl_ref,
	author={M. Galassi and J. Davies and J. Theiler and B. Gough, B. and G. Jungman and M. Booth and F. Ross},
	year={2007},
	title={{GNU} {S}cientific {L}ibrary: Reference Manual},
	location={Cheltenham, UK},
	note={Available online at: \url{http://www.gnu.org/software/gsl.}}
}

@book{Golub_Van_Loan1996,
	author={G. H. Golub and C. F. van Loan},
	year={1996},
	title={Matrix Computations},
	publisher={Johns Hopkins University Press},
	location={Baltimore, MD}
}

@techreport{Hare_etal2000,
	author={E. W. Hare and E. J. Carty and D. I. Wardle},
	year={2000},
	title={Guide to the {WMO}/{GAW} world ozone data centre},
	institution={Meteorological Service of Canada, Environment Canada},
	location={Toronto, ON}
}

@article{Kalnay_etal1996,
	author={E. Kalnay and M. Kanamitsu and R. Kistler and W. Collins and D. Deaven and L. Gandin and M. Iredell and S. Saha and G. White and J. Woollen and Y. Zhu and M. Chelliah and W. Ebisuzaki and W. Higgins and J. Janowiak and K. Mo and C. Ropelewski and J. Wang and A. Leetmaa and R. Reynolds and R. Jenne and D. Joseph},
	year={1996},
	title={The {NCEP}/{NCAR} 40-year reanalysis project},
	journal={Bull. Amer. Meteor. Soc.}, 
	volume={77},
	pages={437-470}
}

@techreport{Lehoucq_Scott1996,
	author={R. B. Lehoucq and J. A. Scott},
	year={1996},
	title={An {E}valuation of {S}oftware for {C}omputing {E}igenvalues of {S}parse {N}onsymmetric {M}atrices},
	number={MCS-P547-1195}, 
	institution={Argonne National Laboratory},
	location={Argonne, IL}
}

@article{Lucke_etal1999,
	author={R. L. Lucke and D. R. Korwan and R. M. Bevilacqua and J. S. Hornstein and E. P. Shettle and D. T. Chen and M. Daehler and J. D. Lumpe and M. D. Fromm and D. Debrestian and B. Neff and M. Squire and G. König-Langlo and J. Davies, J.},
	year={1999},
	title={The {P}olar {O}zone and {A}erosol {M}easurement({POAM}) {III} instrument and early validation results},
	journal={Journal of Geophysical Research},
	volume={104},
	number={D15},
	pages={18785-18799}
}

@article{Mills2009,
	author={Peter Mills},
	year={2009},
	title={Isoline retrieval: {A}n optimal method for validation of advected contours},
	journal={Computers \& Geosciences}, 
	volume={35},
	number={20},
	pages={2020-2031}
}

@book{Ott1993,
	author={Edward Ott}, 
	year={1993},
	title={Chaos in Dynamical Systems},
	publisher={Cambridge University Press},
	location={Cambridge, UK}
}

@book{Press_etal1992,
	author={W. H. Press and S. A. Teukolsky and W. T. Vetterling and B. P. Flannery},
	year={1992},
	title={Numerical Recipes in C},
	publisher={Cambridge University Press},
	location={Cambridge, UK},
	edition={2nd}
}

@article{Randall_etal2002,
	author={C. E. Randall and J. D. Lumpe and R. M. Bevilacqua and K. W. Hoppel and M. D. Fromm and R. J. Salawitch and W. H. Swartz and S. A. Lloyd and E. Kyro and P. von der Gathen and H. Claude and J. Davies and H. DeBacker and H. Dier and M. J. Molyneux and J. Sanchoi},
	year={2002},
	title={Reconstruction of three-dimensional ozone fields using {POAM} {III} during {SOLVE}},
	journal={Journal of Geophysical Research}, 
	volume={107},
	number={D20},
	pages={8299-8312}
}

@book{Rodgers2000,
	author={Clive D. Rodgers},
	year={2000},
	title={Inverse Methods for Atmospheric Sounding: Theory and Practice},
	publisher={World Scientific},
	location={Hackensack, NJ}
}

@article{Tang_etal2006,
	author={Y. R. Tang and R. Kleeman and S. Miller},
	year={2006},
	title={{ENSO} predictability of a {F}ully {C}oupled {GCM} {M}odel {U}sing {S}ingular {V}ector {A}nalysis},
	journal={Journal of Climate},
	volume={19},
	number={14},
	pages={3361-3377}
}

@article{Lumpe_etal2002,
	author={J. D. Lumpe and R. M. Bevilacqua and K. W. Hoppel and C. E. Randall},
	year={2002},
	title={{POAM} {III} retrieval algorithm and error analysis},
	journal={Journal of Geophysical Research},
	volume={107},
	number={D21},
	pages={ACH5.1-ACH5.32}
}
