
@article{Allwein_etal2000,
	author={Erin L. Allwein and Robert E. Schapire and Yoram Singer},
	year={2000},
	journal={Journal of Machine Learning Research},
	title={Reducing {M}ulticlass to {B}inary: {A} {U}nifying {A}pproach for {M}argin {C}lassifiers},
	volume={1},
	pages={113-141}
}

@article{Benabdeslem_Bennani2006,
	author={Khalid Benabdeslem and Younes Bennani},
	year={2006},
	journal={Journal of Computing and Information Technology},
	title={Dendrogram-based {SVM} for {M}ulti-{C}lass {C}lassification},
	volume={14},
	number={4},
	pages={283-289}
}

@book{Boyd_Vandenberghe2004,
 author = {Boyd, Stephen and Vandenberghe, Lieven},
 title = {Convex Optimization},
 year = {2004},
 isbn = {0521833787},
 publisher = {Cambridge University Press},
 address = {New York, NY, USA},
}

@article{Brier1950,
	author={Glenn W. Brier},
	year={1950},
	journal={Monthly Weather Review},
	title={Verification of forecasts expressed in terms of probability},
	volume={78},
	number={1},
	pages={1-3}
}

@article{Cheong_etal2004,
	author={Sungmoon Cheong and Sang Hoon Oh and Soo-Young Lee},
	year={2004},
	journal={Neural Information Processing},
	title={Support {V}ector {M}achine with {B}inary {T}ree {A}rchitecture for {M}ulti-{C}lass {C}lassification},
	volume={2},
	number={3},
	pages={47-51}
}

@Manual{CC01a,
  author =	 {Chih-Chung Chang and Chih-Jen Lin},
  title =	 {{LIBSVM}: a library for support vector machines},
  year =	 {2001},
  note =	 {Software available at \textit{http://www.csie.ntu.edu.tw/~cjlin/libsvm}}
}

@article{Chang_Lin2011,
  author =	 {Chih-Chung Chang and Chih-Jen Lin},
  title =	 {{LIBSVM}: {A} library for support vector machines.},
  journal = {ACM Transactions on Intelligent Systems and Technology},
  volume = {2},
  number = {3},
  year = {2011},
  pages = {27:1--27:27}
}

@article{Crammer_Singer2002,
	author={Koby Crammer and Yoram Singer},
	title={On the {Le}arnability and {D}esign of {O}utput {C}odes for {M}ulticlass {P}roblems},
	journal={Machine Learning},
	volume={47},
	number={2-3},
	pages={201-233}, 
        year={2002}
}

@article{Dietterich_Bakiri1995,
	author={Thomas G. Dietterich and Ghulum Bakiri},
	year={1995},
	journal={Journal of Artificial Intelligence Research},
	title={Solving {M}ulticlass {L}earning {P}roblems via {E}rror-{C}orrecting {O}utput {C}odes},
	volume={2},
	pages={263-286}
}

@article{Escalera_etal2010,
	author={Sergio Escalera and Oriol Pujol and Petia Radeva},
	journal={IEEE Transaction on Pattern Analysis and Machine Intelligence},
	year={2010},
	title={On the {D}ecoding {P}rocess in {T}ernary {E}rror-{C}orrecting {O}utput {C}odes},
	volume={32},
	number={1},
	pages={120-134}
}

@article{Fan_etal2008,
	author={Rong-En Fan and Kai-Wei Chang and Cho-Jui Hsieh and Xiang-Rui Wang and Chih-Jen Lin},
	journal={Journal of Machine Learning Research},
	title={{LIBLINEAR}: {A} {L}ibrary for {L}arge {L}inear {C}lassification},
	volume={9},
	year={2008},
	pages={1871-1874}
}

@article{Fawcett2006,
	author={Tom Fawcett},
	year={2006},
	journal={Pattern Recognition Letters},
	volume={27},
	pages={861-874},
	title={An introduction to {ROC} analysis}
}

@article{Feldkamp_Puskorius1998,
        author={L.A. Feldkamp and G. V. Puskorius},
        journal={Proceedings of the IEEE},
        year={1998},
        title={A signal processing framework based on dynamic neural networks with application to problems in adaptation, filtering, and classification},
        volume={86},
        number={11},
        pages={2259-2277},
        publisher={IEEE Press}
}

@manual{gsl_ref,
  title = {GNU {S}cientific {L}ibrary: Reference Manual},
  author = {M. Galassi and J. Davies and J. Theiler and B. Gough and G. Jungman and M. Booth and F. Rossi},
  year = {2007},
  publisher = {Network Theory Ltd.},
  note = {Available online at: \url{http://www.gnu.org/software/gsl}.}
}

@book{Gulick1992,
	author={Denny Gulick},
	year={1992},
	title={Encounters with Chaos},
	publisher={McGraw-Hill}
}

@manual{LIBSVM_guide,
  title = {A Practical Guide to Support Vector Classification},
  author = {Chih-Wei Hsu and Chih-Chung Chang and Chih-Jen Lin},
  publisher = {Department of Computer Science and Information Engineeering National Taiwan University},
  year = {2001}
}

@article{Hsu_Lin2002,
	author={Chih-Wei Hsu and Chih-Jen Lin},
	year={2002},
	journal={IEEE Transactions on Neural Networks},
	title={A comparison of methods for multiclass support vector machines},
	volume={13},
	number={2},
	pages={415-425}
}

@book{Jolliffe_Stephenson2003,
	author={Ian T. Jolliffe and David B. Stephenson},
	year={2003},
	title={Forecast Verification: A Practitioner's Guide in Atmospheric Science},
	publisher={Wiley}
}

@article{Johnson2013,
	author={B. Johnson},
	year={2013},
	journal={Remote Sensing Letters},
	title={High resolution urban land cover classification using a competititive multi-scale object-based approach.},
	volume={4},
	number={2},
	pages={131-140}
}

@article{King_etal1995,
	author={R. D. King and C. Feng and A. Sutherland},
	year={1995},
	journal={Applied Artificial Intelligence},
	title={Statlog: {C}omparision of {C}lassification {P}roblems on {L}arge {R}eal-{W}orld {P}roblems},
	volume={9},
	number={3},
	pages={289-333},
	file={10.1.1.25.8985}
}

@manual{LVQ_PAK,
  title={{LVQ PAK}: The {L}earning {V}ector {Q}uantization Package, Version 3.1},
  author = {T. Kohonen and J. Hynninen and J. Kangas and J. Laaksonen and K. Torkkola},
  year = {1995},
  publisher = {Helsinki University of Technology Laborator of Computer and Information Science}
}

@book {Kohonen2000,
	author = {Teuvo Kohonen},
	title = {{S}elf-{O}rganizing {M}aps},
	year = {2000},
	publisher = {Springer-Verlag},
	edition = {3rd}
}

@inproceedings{Kong_Dietterich1997,
	author={Eun Bae Kong and Thomas G. Dietterich},
	year={1997},
	title={Probability Estimation via Error-Correcting Output Coding},
	booktitle={International Conference on Artificial Intelligence and Soft Computing},
	location={Banff, Canada},
}

@book{Lawson_Hanson1995,
	author={Charles L. Lawson and Richard J. Hanson},
	year=1995,
	title={Solving Least Squares Problems},
	publisher={Society for Industrial and Applied Mathematics},
	series={Classics in Applied Mathematics},
	volume=15
}

@inproceedings{Lee_Oh2003,
	author={Jin-Seong Lee and Il-Seok Oh},
	year={2003},
	booktitle={Proceedings of the Seventh International Conference on Document Analysis and Recognition},
	title={Binary {C}lassification {T}rees for {M}ulti-class {C}lassification {P}roblems},
	publisher={IEEE Computer Society},
	volume={2},
	pages={770-774}
}

@article{Lin_etal2007,
  author={H.-T. Lin and C.-J. Lin and R. C. Weng},
  title={A note on {P}latt's probabilistic outputs for
support vector machines},
  journal={Machine Learning}, 
  volume={68},
  number={267},
  pages={276},
  year={2007}
}

@article{kernel_intro,
  title = {An Introduction to Kernel-Based Learning Algorithms},
  author = {Klaus-Robert M{\"u}ller and Sebastian Mika and Gunnar R{\"a}tsch and Koji Tsuda and Bernhard Sch{\"o}lkopf},
  journal = {IEEE Transactions on Neural Networks},
  volume = {12},
  number = {2},
  year = {2001},
  pages = {181-201}
}

@book{Michie_etal1994,
  editor={D. Michie and D. J. Spiegelhalter and C. C. Tayler},
  year={1994},
  title={Machine Learning, Neural and Statistical Classification},
  series={Ellis Horwood Series in Artificial Intelligence},
  publisher={Prentice Hall},
  pages={298},
  address={Upper Saddle River, NJ},
  note={Available online at: \url{http://www.amsta.leeds.ac.uk/~charles/statlog/}.}
}

@article{Mills2009,
	year={2009},
	journal={Computers \& Geosciences},
	author={Peter Mills},
	title={Isoline retrieval: {A}n optimal method for validation of advected contours},
	volume={35},
	number={11},
	pages={2020-2031}
}

@article{Mills2011,
	year={2011},
	journal={International Journal of Remote Sensing},
	author={Peter Mills},
	title={Efficient statistical classification of satellite measurements},
	volume={32},
	number={21},
	pages={6109-6132}
}

@techreport{Mills2014,
	author={Peter Mills},
	year={2014},
	title={Multi-borders classification},
	number={arxiv:1404.4095}
}

@techreport{Mills2018a,
	author={Peter Mills},
	year={2018},
	title={Solving for multi-class: a survey and synthesis},
	number={arxiv:1809.05929}
}

@article{Mills2018,
	author={Peter Mills},
	year={2018},
	journal={Real-Time Image Processing},
	title={Accelerating kernel classifiers through borders mapping},
	note={doi:10.1007/s11554-018-0769-9}
}

@article{Mueller_etal2001,
  title = {An Introduction to Kernel-Based Learning Algorithms},
  author = {Klaus-Robert M{\"u}ller and Sebastian Mika and Gunnar R{\"a}tsch and Koji Tsuda and Bernhard Sch{\"o}lkopf},
  journal = {IEEE Transactions on Neural Networks},
  volume = {12},
  number = {2},
  year = {2001},
  pages = {181-201}
}

@inproceedings{Niculescu_Caruana2005,
	author={Alexandru Niculescu-Mizil and Rich Caruana},
	year={2005},
	booktitle={Proceedings of the Twenty-First Conference on Uncertainty in Artificial Intelligence},
	title={Obtaining calibrated probabilities from boosting},
	pages={413-420},
	location={Edinburgh},
	month={July},
}


@book{Ott1993,
        author={Edward Ott},
        year={1993},
        title={Chaos in Dynamical Systems},
        publisher={Cambridge University Press},
        location={Cambridge, UK}
}

@incollection{Platt1999,
	author={J. Platt},
	title={Probabilistic outputs for support vector machines and comparison to regularized likelihood methods},
	booktitle={Advances in Large Margin Classifiers},
	year={1999},
	publisher={MIT Press}
}

@inproceedings{Platt_etal2000,
	author={John C. Platt and Nello Cristianini and John Shaw-Taylor},
	year={2000},
	pages={547-553},
	title={Large {M}argin {DAG}s for {M}ulticlass {C}lassification},
	publisher={MIT Press},
	editor={S.A. Solla and T.K. Leen and K.-R. Mueller},
	booktitle={Advances in Information Processing},
	number={12}
}

@book{nr_inc2,
	title={{N}umerical {R}ecipes in {C}},
	edition={second},
	author={William H. Press and Saul A. Teukolsky and William T. Vetterling and Brian P. Flannery},
	year={1992},
	publisher={Cambridge University Press}
}

@book{Press_etal1992,
        author={W. H. Press and S. A. Teukolsky and W. T. Vetterling and B. P. Flannery},
        year={1992},
        title={Numerical Recipes in C},
        publisher={Cambridge University Press},
        location={Cambridge, UK},
        edition={2nd}
}

@inproceedings{Ramanan_etal2007,
	author={A. Ramanan and S. Suppharangsan and M. Niranjan},
	title={Unbalanced Decision Trees for Multi-Class Classification},
	booktitle={International Conference on Industrial Information Systems},
	year={2007},
	publisher={IEEE},
	file={188}
}

@article{Rocha_Goldenstein2014,
	author={Anderson Rocha and Siome Klein Goldenstein},
	title={Multiclass from {B}inary: {E}xpanding {O}ne-{V}ersus-{A}ll,
		{O}ne-{V}ersus-{O}ne and {ECOC}-Based Approaches},
	journal={IEEE Transaction on Neural Networks and Learning Systems},
	year={2014},
	volume={25},
	number={2},
	publisher={IEEE}
}


@book{Siebert1987,
	author={J.P. Siebert},
	title={Vehicle Recognition Using Rule-Based Methods},
	series={TIRM},
        year={1987},
	publisher={Turing Institute},
	address={Glasgow}
}

@book{Shannon,
  title={The {M}athematical {T}heory of {C}ommunication},
  author={Claude E. Shannon and Warren Weaver},
  year={1963},
  publisher={University of Illinois Press}
}

@article{Terrell_Scott1992,
	author={D. G. Terrell and D. W. Scott},
	year={1992},
	journal={Annals of Statistics},
	title={Variable kernel density estimation},
	volume={20},
	pages={1236-1265}
}

@article{Windeatt_Ghaderi2002,
	author={Terry Windeatt and Reza Ghaderi},
	year={2002},
	journal={Information Fusion},
	title={Coding and decoding strategies for multi-class learning problems},
	volume={4},
	number={1},
	pages={11-21},
	publisher={Elsevier}
}

@article{Wu_etal2004,
	author={Ting-Fan Wu and Chih-Jen Lin and Ruby C. Weng},
	year={2004},
	journal={Journal of Machine Learning Research},
	title={Probability {E}stimates for {M}ulti-class {C}lassification by {P}airwise {C}oupling},
	volume={5},
	pages={975-1005}
}

@inproceedings{Zadrozny_Elkan2002,
	author={Bianca Zadrozny and Charles Elkan},
	year={2002},
	booktitle={Proceedings of the eighth ACM SIGKDD international conference on Knowledge discovery and data mining},
	month={7},
	day={23},
	pages={694-699},
	title={Transforming classiifer scores into accurate multiclass probability estimates},
	location={Edmonton}
}

@inproceedings{Zhong_Cheriet2013,
	author={Guoqiang Zhong and Mohamed Cheriet},
	title={Adaptive {E}rror-{C}orrecting {O}utput {C}odes},
	year={2013},
	month = {08},
	booktitle={Proceedings of the Twenty-Third International Joint Conference on Artificial Intelligence},
	organization={IJCAI},
	pages={1932-1938}
}

@article{Zhou_etal2008,
	author={Jie Zhou and Hanchuan Peng and Ching Y. Suen},
	journal={Pattern Recognition},
	year={2008},
	title={Data-driven decomposition for multi-class classification},
	volume={41},
	pages={67-76},
	publisher={Elsevier}
}

@article{Zhou_etal2019,
	author={Joey Tianyi Zhou and Ivor W. Tsang and Shen-Shyang Ho and Klaus-Robert Mueller},
	journal={Machine Learning},
	year={2019},
	title={N-ary decomposition for multi-class classification},
	publisher={Springer},
	note={doi:10.1007/s10994-019-05786-2}
}



