@article{Lee_Richards1984,
	author={T. Lee and J. A. Richards},
	year={1984},
	title={Piecewise linear classification using seniority logic committee methods with application to remote sensing},
	journal={Pattern Recognition},
	volume={17},
	number={4},
	pages={453-464}
}

@article{Kostin2006,
	author={Alexander Kostin},
	year={2006},
	title={A simple and fast multi-class piecewise linear pattern classifier},
	journal={Pattern Recognition},
	volume={39},
	pages={1949-1962}
}

@inproceedings{Gai_Zhang2010,
	author={Kun Gai and Changshui Zhang},
	year={2010},
	title={Learning {D}iscriminative {P}iecewise {L}inear {M}odels with {B}oundary {P}oints},
	booktitle={Proceedings of the Twenty-Fourth AAAI Conference on Artificial Intelligence},
	publisher={Association for the Advancement of Artificial Intelligence},
	pages={444-450}
}

@article{Huang_Mausal1994,
	author={Kai-Yi Huang and P. M. Mausal},
	year={1994},
	title={Compariang Piecewise Linear Classifier with Gaussian Maximum-Likelihood and Parallelepiped Classifieirs in Terms of Accuracy and Speed},
	journal={Photogrammetric Engineering and Remote Sensing},
	volume={60},
	number={11},
	pages={1333-1338}
}

@article{Lee_Richards1985,
	author={T. Lee and J. A. Richards},
	year={1985},
	title={A low cost classifier for multitemporal applications},
	journal={International Journal of Remote Sensing},
	volume={6},
	number={8},
	pages={1405-1417}
}

@article{Herman_Yeung1992,
	author={Gabor T. Herman and K. T. Daniel Yeung},
	year={1992},
	title={On Piecewise-Linear Classification},
	journal={IEEE Transactions on Pattern Analysis and Machine Intelligence},
	volume={14},
	number={7},
	pages={782-786}
}

@article{Osborne1977,
	author={Martin Osborne},
	year={1977},
	title={Seniority {L}ogic: {A} {L}ogic of a {C}ommittee {M}achine},
	journal={IEEE Transactions on Computers},
	volume={26},
	number={12},
	pages={1302-1306}
}

@article{Sklansky_Michelotti1980,
	author={Jack Sklansky and Leo Michelotti},
	year={1980},
	title={Locally Trained Piecewise Linear Classifiers},
	journal={IEEE Transactions on Pattern Analysis and Machine Intelligence},
	volume={2},
	number={2},
	pages={101-111}
}

@article{Clark_Gonzalez1981,
	author={D. C. Clark and R. C. Gonzalez},
	year={1981},
	title={Optimal Solution of Linear Inequalities with Applications to Pattern Recognition},
	journal={IEEE Transactions on Pattern Analysis and Machine Intelligence},
	volume={3},
	number={6},
	pages={643-655}
}

@phdthesis{Webb2012,
	author={Dean Webb},
	year={2012},
	title={Efficient Piecewise Linear Classifiers and Applications},
	school={University of Ballarat},
	address={Victoria, Australia}
}

@article{Bagirov_etal2003,
	author={A. M. Bagirov and A. M. Rubinov and N. V. Soukhoroukova and J. Yearwood},
	year={2003},
	title={Unsupervised and supervised data classification via nonsmooth and global optimization},
	journal={TOP},
	volume={11},
	year={1},
	pages={1-75}
}

@inproceedings{Pele2012,
	author={Ofir Pele and Ben Taskar and Amir Globerson and Michael Werman},
	year={2012},
	title={The {P}airwise {P}iecewise-{L}inear {E}mbedding for {E}fficient {N}on-{L}inear {C}lassification},
	booktitle={Proceedings of the 30th International Conference on Machine Learning},
	publisher={International Machine Learning Society},
	address={Atlanta}
}

@article{Bagirov2005,
	author={Adil M. Bagirov},
	year={2005},
	title={Max-min separability},
	journal={Optimization Methods and Software},
	volume={20},
	number={2-3},
	pages={277-296}
}

@article{Tenmoto_etal1998,
	author={Hiroshi Tenmoto and Mineichi Kuda and Masaru Shimbo},
	year={1998},
	title={Piecewsise linear classifiers with an appropriate number of hyperplanes},
	journal={Pattern Recognition},
	volume={31},
	number={11},
	pages={1627-1634}
}

@article{Pavlidis_etal2016,
	author={Nicos G. Pavlidis and David P. Hofmeyr and Sotiris K. Tasoulis},
	year={2016},
	title={Minimum {D}ensity {H}yperplanes},
	journal={Journal of Machine Learning Research},
	volume={17},
	number={156},
	pages={1-33}
}

@article{Huang_etal2013,
	author={Xiaolin Huang and Siamak Mehrkanoon and Johan A. K. Suykens},
	year={2013},
	title={Support vector machines with piecewise linear feature mapping},
	journal={Neurocomputing},
	volume={117},
	number={6},
	pages={118-127}
}

@article{Cabrera2006,
	author={J. B. D. Cabrera},
	year={2006},
	title={On the impact of fusion strategies on classification for large ensembles of classifiers},
	journal={Pattern Recognition},
	volume={39},
	year={1963-1978}
}

@article{Chai_etal1996,
	author={Bing-Bing Chai and Tong Huang and Xinhua Zhuang and Yunxin Zhao and Jack Sklansky},
	year={1996},
	title={Piecewise linear classifiers using binary tree structure and genetic algorithm},
	journal={Pattern Recognition},
	volume={29},
	number={11},
	pages={1905-1917}
}

@mastersthesis{Kamei2000,
	author={Rinako Kamei},
	year={2000},
	title={Experiments in Piecewise Approximation of Class Boundary using Support Vector Machines},
	school={University of Cincinatti}
}

@inproceedings{Wang_Saligrama2013,
	author={Joseph Wang and Venkatesh Saligrama},
	year={2013},
	title={Locally-{L}inear {L}earning {M}achines ({L}3{M})},
	booktitle={Proceedings of Machine Learning Research},
	volume={29},
	pages={451-466}
}

