@article{Frey_Slate1991,
	author={P.W. Frey and D.J. Slate},
	title={Letter Recognition Using Holland-style Adaptive Classifiers},
	journal={Machine Learning},
	year={1991},
	volume={6},
	number={2},
	pages={161-182},
	publisher={Springer}
}

@mastersthesis{Alimoglu1996,
	author={F. Alimoglu},
	title={Combining Multiple Classifiers for Pen-Based Handwritten Digit Recognition},
	institution={Bogazici University},
	year={1996}
}

@article{Uzilov_etal2006,
	author={Andrew V. Uzilov and Joshua M. Keegan and David H. Mathews},
	year={2006},
	journal={BMC Bioinformatics},
	title={Detection of non-coding RNAs on the basis of predicted secondary structure formation free energy change},
	pages={173},
	volume={7}
}

@article{Duarte_Hu2004,
	author={Marco F. Duarte and Yu Hen Hu},
	year={2004},
	journal={Journal of Parallel Distributed Computing},
	title={Vehicle classification in distributed sensor networds},
	volume={64},
	pages={826-838},
	publisher={Elsevier}
}

@inproceedings{Guyon2004,
	author={Isabelle Guyon and Steve Gunn and Asa Ben Hur and Gideon Dror},
	year={2004},
	booktitle={Proceedings of the 17th International Conference on Neural Information Processing Systems},
	title={Results Analysis of the {NIPS} 2003 Feature Selection Challenge},
	month={January},
	address={Vancouver},
	pages={545-552},
	publisher={MIT Press}
}

@misc{Lichman2013,
	author = "M. Lichman",
	year = "2013",
	title = "{UCI} Machine Learning Repository",
	url = "http://archive.ics.uci.edu/ml",
	institution = "University of California, Irvine, School of Information and Computer Sciences" 
}

@inproceedings{Iba_etal1988,
  author = "W Iba and J Wogulis and P Lngley",
  title = "Trading of simplicity and coverage in incremental concept learning",
  pages = "73--79",
  year = "1988",
  booktitle = "Proceedings of Fifth International Conference on Machine Learning",
}

@article{Mohammad_etal2012,
	author={Rami Mohommad and Fadi Abdeljaber Thabtah, Fadi Abdeljaber and T.L. McCluskey},
	year={2014},
	title={Predicting phishing websites based on self-structuring neural network},
	journal={Neural Computing and Applications},
	volume={25},
	number={2},
	pages={443-458},
	publisher={Springer}
}

@article{LeCun_etal1998,
	author={Y. LeCun and L. Bottou and Y. Bengio and P. Haffner},
	title="Gradient-based learning applied to document recognition",
	journal={Proceedings of the IEEE},
	volume={86},
	number={11},
	pages={2278-2324},
	year={1998},
	publisher={IEEE Press}
}

