@book{Ottino1989,
	author={J. M. Ottino},
	year={1989},
	title={The kinematics of mixing: stretching, chaos and transport},
	publisher={Cambridge University Press}
}

@article{Pattanayak2001,
	author={Arjendu K. Pattanayak},
	year={2001},
	title={Characterizing the metastable balance between chaos and diffusion},
	journal={Physica D},
	volume={148}, 
	pages={1-19}
}

@mastersthesis{Mills2004,
	author={Peter Mills},
	year={2004},
	title={Following the Vapour Trail: a Study of Chaotic Mixing of Water Vapour in the Upper Troposphere},
	school={University of Bremen},
}

@book{Ott1993,
        author={Edward Ott},
        year={1993},
        title={Chaos in Dynamical Systems},
        publisher={Cambridge University Press},
        location={Cambridge, UK}
}

@book{Press_etal1992,
        author={W. H. Press and S. A. Teukolsky and W. T. Vetterling and B. P. Flannery},
        year={1992},
        title={Numerical Recipes in C},
        publisher={Cambridge University Press},
        location={Cambridge, UK},
        edition={2nd}
}

@techreport{Mills2012,
	author={Peter Mills},
	year={2012},
	title={Principal component proxy tracer analysis},
	number={arxiv:1202.1999}
}

@book{Thornton2003,
	author={Stephen T. Thornton},
	year={2003},
	edition={5},
	title={Classical Dynamics of Particles and Systems},
	publisher={Brooks Cole}
}

@book{Acheson1990,
	author={D.J. Acheson},
	year={1990},
	title={Elementary Fluid Dynamics},
	publisher={Oxford University Press},
	location={Oxford}
}
 
