@article{Mills2019,
	title={Solving for multiclass using orthogonal coding matrices},
	year={2019},
	author={Peter Mills},
	journal={SN Applied Sciences},
	volume={1},
	number={11},
	pages={1451}
}

@inproceedings{Zadrozny2001,
    author = {Bianca Zadrozny},
    title = {Reducing Multiclass to Binary by Coupling Probability Estimates},
    year = {2001},
    booktitle={NIPS'01 Proceedings of the 14th International Conference on Information Processing Systems: Natural and Synthetic},
    pages={1041-1048}
}

