@book{Ottino1989,
	author={J. M. Ottino},
	year={1989},
	title={The kinematics of mixing: stretching, chaos and transport},
	publisher={Cambridge University Press}
}

@article{Pattanayak2001,
	author={Arjendu K. Pattanayak},
	year={2001},
	title={Characterizing the metastable balance between chaos and diffusion},
	journal={Physica D},
	volume={148}, 
	pages={1-19}
}

@mastersthesis{Mills2004,
	author={Peter Mills},
	year={2004},
	title={Following the Vapour Trail: a Study of Chaotic Mixing of Water Vapour in the Upper Troposphere},
	school={University of Bremen},
}

@book{Ott1993,
        author={Edward Ott},
        year={1993},
        title={Chaos in Dynamical Systems},
        publisher={Cambridge University Press},
        location={Cambridge, UK}
}

@book{Press_etal1992,
        author={W. H. Press and S. A. Teukolsky and W. T. Vetterling and B. P. Flannery},
        year={1992},
        title={Numerical Recipes in C},
        publisher={Cambridge University Press},
        location={Cambridge, UK},
        edition={2nd}
}

@techreport{Mills2012,
	author={Peter Mills},
	year={2012},
	title={Principal component proxy tracer analysis},
	number={arxiv:1202.1999}
}

@book{Thornton2003,
	author={Stephen T. Thornton},
	year={2003},
	edition={5},
	title={Classical Dynamics of Particles and Systems},
	publisher={Brooks Cole}
}

@book{Acheson1990,
	author={D.J. Acheson},
	year={1990},
	title={Elementary Fluid Dynamics},
	publisher={Oxford University Press},
	location={Oxford}
}

@article{Mills2009,
	author={Peter Mills},
	year={2009},
	title={Isoline retrieval: {A}n optimal method for validation of advected contours},
	journal={Computers \& Geosciences}, 
	volume={35},
	number={20},
	pages={2020-2031}
}


@article{Allen_Nakamura2003,
	author={Douglas R. Allen and N. Nakamura},
	year={2003},
	title={Tracer {E}quivalent {L}atitude: {A} {D}iagnostic {T}ool for {I}sentropic {T}ransport {S}tudies},
	journal={Journal of the Atmospheric Sciences},
	volume={60},
	pages={287-303}
}

@article{Randall_etal2002,
	author={C. E. Randall and J. D. Lumpe and R. M. Bevilacqua and K. W. Hoppel and M. D. Fromm and R. J. Salawitch and W. H. Swartz and S. A. Lloyd and E. Kyro and P. von der Gathen and H. Claude and J. Davies and H. DeBacker and H. Dier and M. J. Molyneux and J. Sanchoi},
	year={2002},
	title={Reconstruction of three-dimensional ozone fields using {POAM} {III} during {SOLVE}},
	journal={Journal of Geophysical Research}, 
	volume={107},
	number={D20},
	pages={8299-8312}
}

@article{Hoskins_etal1985,
	author={B. J. Hoskins and M. E. McIntyre and A. W. Robertson},
	year={1985},
	title={On the use and significance of isentropic potential vorticity maps},
	journal={Quarterly Journal of the Royal Meteorological Society},
	volume={111},
	pages={877-946}
}

@article{Butchart_Remsberg1986,
	author={Neal Butchart and Ellis E. Remsberg},
	year={1986},
	title={The area of the stratospheric polar vortex as a diagnostic for tracer transport on an isentropic surface},
	journal={Journal of the Atmospheric Sciences},
	volume={43},
	pages={1319-1339}
}

@article{Kalnay_etal1996,
	author={E. Kalnay and M. Kanamitsu and R. Kistler and W. Collins and D. Deaven and L. Gandin and M. Iredell and S. Saha and G. White and J. Woollen and Y. Zhu and M. Chelliah and W. Ebisuzaki and W. Higgins and J. Janowiak and K. Mo and C. Ropelewski and J. Wang and A. Leetmaa and R. Reynolds and R. Jenne and D. Joseph},
	year={1996},
	title={The {NCEP}/{NCAR} 40-year reanalysis project},
	journal={Bull. Amer. Meteor. Soc.}, 
	volume={77},
	pages={437-470}
}

